<?xml version="1.0" encoding="UTF-8"?><collection xmlns="info:lc/xmlns/marcxchange-v2" xmlns:xsi="http://www.w3.org/2001/XMLSchema-instance" xsi:schemaLocation="info:lc/xmlns/marcxchange-v2 http://www.loc.gov/standards/iso25577/marcxchange-2-0.xsd"><record format="MARC21" type="Bibliographic"><leader>01626cam  2200445 a 4500</leader><controlfield tag="001">ocn132792681</controlfield><controlfield tag="003">OCoLC</controlfield><controlfield tag="005">20070605101501.0</controlfield><controlfield tag="008">060314s2004    ja a     b    001 0 jpn d</controlfield><datafield tag="040" ind1=" " ind2=" "><subfield code="a">LWU</subfield><subfield code="c">SMFRE</subfield></datafield><datafield tag="066" ind1=" " ind2=" "><subfield code="c">$1</subfield></datafield><datafield tag="020" ind1=" " ind2=" "><subfield code="a">4784212078</subfield></datafield><datafield tag="020" ind1=" " ind2=" "><subfield code="a">9784784212071</subfield></datafield><datafield tag="035" ind1=" " ind2=" "><subfield code="a">(OCoLC)132792681</subfield></datafield><datafield tag="035" ind1=" " ind2=" "><subfield code="a">(CStRLIN)DCFO06-B527</subfield></datafield><datafield tag="041" ind1="0" ind2=" "><subfield code="a">jpn</subfield><subfield code="b">eng</subfield></datafield><datafield tag="043" ind1=" " ind2=" "><subfield code="a">a-ja---</subfield></datafield><datafield tag="079" ind1=" " ind2=" "><subfield code="a">ocm56902747</subfield></datafield><datafield tag="084" ind1=" " ind2=" "><subfield code="a">750.21</subfield><subfield code="2">njb</subfield></datafield><datafield tag="090" ind1=" " ind2=" "><subfield code="a">NK1071</subfield><subfield code="b">.A87 2004</subfield></datafield><datafield tag="049" ind1=" " ind2=" "><subfield code="a">OCLC</subfield></datafield><datafield tag="245" ind1="0" ind2="0"><subfield code="6">880-01</subfield><subfield code="a">Ātsu ando kurafutsu to Nihon =</subfield><subfield code="b">The arts &amp; crafts movement and Japan /</subfield><subfield code="c">Dezainshi Fōramu hen ; Fujita Haruhiko sekinin henshū.</subfield></datafield><datafield tag="246" ind1="3" ind2="1"><subfield code="a">Arts &amp; crafts movement and Japan</subfield></datafield><datafield tag="260" ind1=" " ind2=" "><subfield code="6">880-02</subfield><subfield code="a">Kyōto-shi :</subfield><subfield code="b">Shibunkaku Shuppan,</subfield><subfield code="c">2004.</subfield></datafield><datafield tag="300" ind1=" " ind2=" "><subfield code="a">288 p. :</subfield><subfield code="b">ill. ;</subfield><subfield code="c">21 cm.</subfield></datafield><datafield tag="500" ind1=" " ind2=" "><subfield code="a">Includes index.</subfield></datafield><datafield tag="546" ind1=" " ind2=" "><subfield code="a">Summary in English.</subfield></datafield><datafield tag="504" ind1=" " ind2=" "><subfield code="a">Includes bibliographical references.</subfield></datafield><datafield tag="650" ind1=" " ind2="0"><subfield code="a">Arts and crafts movement</subfield><subfield code="z">Japan.</subfield></datafield><datafield tag="650" ind1=" " ind2="0"><subfield code="a">Folk art</subfield><subfield code="z">Japan.</subfield></datafield><datafield tag="700" ind1="1" ind2=" "><subfield code="6">880-03</subfield><subfield code="a">Fujita, Haruhiko,</subfield><subfield code="d">1951-</subfield></datafield><datafield tag="710" ind1="2" ind2=" "><subfield code="6">880-04</subfield><subfield code="a">Dezainshi Fōramu.</subfield></datafield><datafield tag="852" ind1="0" ind2=" "><subfield code="a">DSI-F</subfield><subfield code="b">main</subfield><subfield code="h">NK1071</subfield><subfield code="i">.A87 2004</subfield><subfield code="x">CIN=hr; OID=hr</subfield></datafield><datafield tag="880" ind1="0" ind2="0"><subfield code="6">245-01/$1</subfield><subfield code="a">アーツ・アンド・クラフツと日本 =</subfield><subfield code="b">The arts &amp; crafts movement and Japan /</subfield><subfield code="c">デザイン史フォーラム編 ; 藤田治彦責任編集.</subfield></datafield><datafield tag="880" ind1=" " ind2=" "><subfield code="6">260-02/$1</subfield><subfield code="a">京都市 :</subfield><subfield code="b">思文閣出版,</subfield><subfield code="c">2004.</subfield></datafield><datafield tag="880" ind1="1" ind2=" "><subfield code="6">700-03/$1</subfield><subfield code="a">藤田治彦,</subfield><subfield code="d">1951-</subfield></datafield><datafield tag="880" ind1="2" ind2=" "><subfield code="6">710-04/$1</subfield><subfield code="a">デザイン史フォーラム.</subfield></datafield><datafield tag="901" ind1=" " ind2=" "><subfield code="a">*bn=main;ov=.B1748129;</subfield></datafield><datafield tag="903" ind1=" " ind2=" "><subfield code="c">c. 1</subfield></datafield><datafield tag="994" ind1=" " ind2=" "><subfield code="a">C0</subfield><subfield code="b">OCL</subfield></datafield></record>