<record format="MARC21" type="Bibliographic"><leader>01914cam  2200493 a 4500</leader><controlfield tag="001">ocn132786677</controlfield><controlfield tag="003">OCoLC</controlfield><controlfield tag="005">20070605101501.0</controlfield><controlfield tag="008">060801s2005    ko a     b    000 0 eng d</controlfield><datafield tag="040" ind1=" " ind2=" "><subfield code="a">CUI</subfield><subfield code="c">SMFRE</subfield></datafield><datafield tag="066" ind1=" " ind2=" "><subfield code="c">$1</subfield></datafield><datafield tag="020" ind1=" " ind2=" "><subfield code="a">8986090236</subfield></datafield><datafield tag="020" ind1=" " ind2=" "><subfield code="a">9788986090239</subfield></datafield><datafield tag="035" ind1=" " ind2=" "><subfield code="a">(OCoLC)132786677</subfield></datafield><datafield tag="035" ind1=" " ind2=" "><subfield code="a">(CStRLIN)DCFO06-B1570</subfield></datafield><datafield tag="041" ind1="1" ind2=" "><subfield code="a">eng</subfield><subfield code="h">kor</subfield></datafield><datafield tag="043" ind1=" " ind2=" "><subfield code="a">a-kr---</subfield></datafield><datafield tag="079" ind1=" " ind2=" "><subfield code="a">ocm69375356</subfield></datafield><datafield tag="090" ind1=" " ind2=" "><subfield code="a">NK7984.6.A1</subfield><subfield code="b">F73 2005</subfield></datafield><datafield tag="049" ind1=" " ind2=" "><subfield code="a">OCLC</subfield></datafield><datafield tag="245" ind1="0" ind2="0"><subfield code="6">880-01</subfield><subfield code="a">Fragrance of Korea :</subfield><subfield code="b">the ancient gilt-bronze incense burner of Baekje=Paekche Kŭmdong Taehyangno /</subfield><subfield code="c">[edited by Korea Foundation].</subfield></datafield><datafield tag="246" ind1="3" ind2="1"><subfield code="6">880-02</subfield><subfield code="a">Paekche Kŭmdong taehyangno</subfield></datafield><datafield tag="260" ind1=" " ind2=" "><subfield code="a">Seoul, Korea :</subfield><subfield code="b">The Korea Foundation,</subfield><subfield code="c">2005.</subfield></datafield><datafield tag="300" ind1=" " ind2=" "><subfield code="a">144 p. :</subfield><subfield code="b">col. ill. ;</subfield><subfield code="c">31 cm.</subfield></datafield><datafield tag="500" ind1=" " ind2=" "><subfield code="a">"Photography by Han Seok-hong Photo Studio, Translated by Miwha Stevenson ..., Content edited by Yi Song-mi ..., Copyedited (English) by Rose E. Lee"--P. facing t.p.</subfield></datafield><datafield tag="504" ind1=" " ind2=" "><subfield code="a">Includes bibliographical references.</subfield></datafield><datafield tag="650" ind1=" " ind2="0"><subfield code="6">880-03</subfield><subfield code="a">Kŭmdong taehyangno.</subfield></datafield><datafield tag="650" ind1=" " ind2="0"><subfield code="a">Gilt bronzes, Korean</subfield><subfield code="y">To 935.</subfield></datafield><datafield tag="650" ind1=" " ind2="0"><subfield code="a">Incense burners and containers</subfield><subfield code="z">Korea.</subfield></datafield><datafield tag="651" ind1=" " ind2="0"><subfield code="6">880-04</subfield><subfield code="a">Paekche (Kingdom)</subfield><subfield code="x">Antiquities.</subfield></datafield><datafield tag="700" ind1="1" ind2=" "><subfield code="a">Stevenson, Miwha.</subfield></datafield><datafield tag="700" ind1="1" ind2=" "><subfield code="a">Sŏng-mi, Yi.</subfield></datafield><datafield tag="700" ind1="1" ind2=" "><subfield code="a">Lee, Rose E.</subfield></datafield><datafield tag="710" ind1="2" ind2=" "><subfield code="a">Han Seok-hong Photo Studio.</subfield></datafield><datafield tag="710" ind1="2" ind2=" "><subfield code="6">880-05</subfield><subfield code="a">Hanʼguk Kukche Kyoryu Chaedan.</subfield></datafield><datafield tag="852" ind1="0" ind2=" "><subfield code="a">DSI-F</subfield><subfield code="b">main</subfield><subfield code="h">NK7984.6.A1</subfield><subfield code="i">F73 2005</subfield></datafield><datafield tag="880" ind1="0" ind2="0"><subfield code="6">245-01/$1</subfield><subfield code="a">Fragrance of Korea :</subfield><subfield code="b">the ancient gilt-bronze incense burner of Baekje=백제금동대향로 /</subfield><subfield code="c">[edited by Korea Foundation].</subfield></datafield><datafield tag="880" ind1="3" ind2="1"><subfield code="6">246-02/$1</subfield></datafield><datafield tag="880" ind1=" " ind2="0"><subfield code="6">650-03/$1</subfield><subfield code="a">금동대향로.</subfield></datafield><datafield tag="880" ind1=" " ind2="4"><subfield code="6">651-04/$1</subfield><subfield code="a">백제 (Kingdom)</subfield><subfield code="x">Antiquities.</subfield></datafield><datafield tag="880" ind1="2" ind2=" "><subfield code="6">710-05/$1</subfield><subfield code="a">한국국제교류재단.</subfield></datafield><datafield tag="901" ind1=" " ind2=" "><subfield code="a">*bn=main;</subfield></datafield><datafield tag="903" ind1=" " ind2=" "><subfield code="c">c. 1</subfield></datafield><datafield tag="994" ind1=" " ind2=" "><subfield code="a">C0</subfield><subfield code="b">OCL</subfield></datafield></record>