<record format="MARC21" type="Bibliographic"><leader>01246nam  2200373 a 4500</leader><controlfield tag="001">ocn125170297</controlfield><controlfield tag="003">OCoLC</controlfield><controlfield tag="005">20070605101501.0</controlfield><controlfield tag="008">060919s2006    cc a          000 0 chi  </controlfield><datafield tag="040" ind1=" " ind2=" "><subfield code="a">CaOTRM</subfield><subfield code="b">eng</subfield><subfield code="c">RON</subfield></datafield><datafield tag="066" ind1=" " ind2=" "><subfield code="c">$1</subfield></datafield><datafield tag="020" ind1=" " ind2=" "><subfield code="a">750101843X</subfield></datafield><datafield tag="020" ind1=" " ind2=" "><subfield code="a">9787501018437</subfield></datafield><datafield tag="035" ind1=" " ind2=" "><subfield code="a">(OCoLC)125170297</subfield></datafield><datafield tag="035" ind1=" " ind2=" "><subfield code="a">(CStRLIN)ONRO06-B481</subfield></datafield><datafield tag="050" ind1=" " ind2="4"><subfield code="a">NK1483.A1</subfield><subfield code="b">J56 2006</subfield></datafield><datafield tag="079" ind1=" " ind2=" "><subfield code="a">ocm71289809</subfield></datafield><datafield tag="090" ind1=" " ind2=" "><subfield code="a">NK1483.A1</subfield><subfield code="b">J56 2006</subfield></datafield><datafield tag="049" ind1=" " ind2=" "><subfield code="a">OCLC</subfield></datafield><datafield tag="100" ind1="1" ind2=" "><subfield code="6">880-01</subfield><subfield code="a">Jin, Zhu</subfield></datafield><datafield tag="245" ind1="1" ind2="0"><subfield code="6">880-02</subfield><subfield code="a">Fu Lu Shou Xi Da Guan/</subfield><subfield code="c">Jin Zhu, Wang Zhijun Bian zhu.</subfield></datafield><datafield tag="260" ind1=" " ind2=" "><subfield code="6">880-03</subfield><subfield code="a">Beijing :</subfield><subfield code="b">Wen wu chu ban she,</subfield><subfield code="c">2006</subfield></datafield><datafield tag="300" ind1=" " ind2=" "><subfield code="a">ii, 229p.</subfield><subfield code="b">ill. ;</subfield><subfield code="c">26cm.</subfield></datafield><datafield tag="650" ind1=" " ind2="0"><subfield code="a">Chinese language</subfield><subfield code="x">Calligraphy study.</subfield></datafield><datafield tag="650" ind1=" " ind2="0"><subfield code="a">Chinese language</subfield><subfield code="x">Writing</subfield><subfield code="x">History</subfield></datafield><datafield tag="650" ind1=" " ind2="0"><subfield code="a">Festivals</subfield><subfield code="z">China</subfield></datafield><datafield tag="651" ind1=" " ind2="0"><subfield code="a">China</subfield><subfield code="x">Social life and custom</subfield></datafield><datafield tag="700" ind1="1" ind2=" "><subfield code="a">Wang, Zhijun.</subfield></datafield><datafield tag="852" ind1="0" ind2=" "><subfield code="a">CaOTRM</subfield><subfield code="b">CaOTRMF</subfield><subfield code="h">NK1483.A1</subfield><subfield code="i">J56 2006</subfield><subfield code="x">CIN=KMW; OID=KMW</subfield></datafield><datafield tag="880" ind1="1" ind2=" "><subfield code="6">100-01/$1</subfield></datafield><datafield tag="880" ind1="1" ind2="0"><subfield code="6">245-02/$1</subfield><subfield code="a">福禄寿喜大观/</subfield><subfield code="c">金铢，王志军编著.</subfield></datafield><datafield tag="880" ind1=" " ind2=" "><subfield code="6">260-03/$1</subfield><subfield code="a">北京 :</subfield><subfield code="b">文物出版社,</subfield><subfield code="c">2006</subfield></datafield><datafield tag="906" ind1=" " ind2=" "><subfield code="a">NK1483 .A1 J56 2006</subfield><subfield code="i">31761066877267</subfield><subfield code="m">ROM</subfield><subfield code="l">ROMFAREAST</subfield><subfield code="t">BOOK</subfield></datafield><datafield tag="994" ind1=" " ind2=" "><subfield code="a">C0</subfield><subfield code="b">OCL</subfield></datafield></record>