<record format="MARC21" type="Bibliographic"><leader>02647cas  2200589 a 4500</leader><controlfield tag="001">ocn124081299</controlfield><controlfield tag="003">OCoLC</controlfield><controlfield tag="005">20070605101501.0</controlfield><controlfield tag="008">970414c19789999iluqr p  g    0   a0eng d</controlfield><datafield tag="010" ind1=" " ind2=" "><subfield code="a">   86641268 </subfield><subfield code="z">sn 84012219 </subfield></datafield><datafield tag="040" ind1=" " ind2=" "><subfield code="a">ICD-L</subfield><subfield code="c">FC0</subfield></datafield><datafield tag="022" ind1="0" ind2=" "><subfield code="a">0897-1277</subfield><subfield code="y">0022-6793</subfield></datafield><datafield tag="032" ind1=" " ind2=" "><subfield code="a">399610</subfield><subfield code="b">USPS</subfield></datafield><datafield tag="035" ind1=" " ind2=" "><subfield code="a">(OCoLC)124081299</subfield></datafield><datafield tag="035" ind1=" " ind2=" "><subfield code="a">(CStRLIN)NYHL97-S162</subfield></datafield><datafield tag="042" ind1=" " ind2=" "><subfield code="a">lc</subfield><subfield code="a">nsdp</subfield></datafield><datafield tag="043" ind1=" " ind2=" "><subfield code="a">n-us---</subfield></datafield><datafield tag="050" ind1="0" ind2=" "><subfield code="a">K10</subfield><subfield code="b">.U67</subfield></datafield><datafield tag="079" ind1=" " ind2=" "><subfield code="a">ocm05266384</subfield></datafield><datafield tag="082" ind1="0" ind2=" "><subfield code="a">344/.095/05</subfield></datafield><datafield tag="082" ind1=" " ind2=" "><subfield code="a">342.49505</subfield><subfield code="2">19</subfield></datafield><datafield tag="049" ind1=" " ind2=" "><subfield code="a">OCLC</subfield></datafield><datafield tag="210" ind1="0" ind2=" "><subfield code="a">Jurimetrics</subfield><subfield code="b">(Chic. Ill.)</subfield></datafield><datafield tag="222" ind1=" " ind2="0"><subfield code="a">Jurimetrics</subfield><subfield code="b">(Chicago, Ill.)</subfield></datafield><datafield tag="245" ind1="0" ind2="0"><subfield code="a">Jurimetrics.</subfield></datafield><datafield tag="246" ind1="1" ind2="3"><subfield code="a">Jurimetrics journal of law, science and technology</subfield><subfield code="f">&lt;fall 1991-></subfield></datafield><datafield tag="246" ind1="1" ind2="3"><subfield code="a">Jurimetrics journal</subfield><subfield code="f">1978-</subfield></datafield><datafield tag="260" ind1=" " ind2=" "><subfield code="a">Chicago, Ill. :</subfield><subfield code="b">Section of Science &amp; Technology, American Bar Association,</subfield><subfield code="c">c1979-</subfield></datafield><datafield tag="300" ind1=" " ind2=" "><subfield code="a">v. :</subfield><subfield code="b">ill. ;</subfield><subfield code="c">23 cm.</subfield></datafield><datafield tag="310" ind1=" " ind2=" "><subfield code="a">Quarterly</subfield></datafield><datafield tag="362" ind1="0" ind2=" "><subfield code="a">Vol. 19, no. 2 (winter 1978)-</subfield></datafield><datafield tag="500" ind1=" " ind2=" "><subfield code="a">Title from cover.</subfield></datafield><datafield tag="500" ind1=" " ind2=" "><subfield code="a">"Journal of law, science and technology."</subfield></datafield><datafield tag="510" ind1="1" ind2=" "><subfield code="a">Index to legal periodicals</subfield><subfield code="x">0019-4077</subfield></datafield><datafield tag="510" ind1="1" ind2=" "><subfield code="a">Legal resource index</subfield><subfield code="b">1980-</subfield></datafield><datafield tag="510" ind1="2" ind2=" "><subfield code="a">Computer &amp; control abstracts</subfield><subfield code="x">0036-8113</subfield><subfield code="b">winter 1978-</subfield></datafield><datafield tag="510" ind1="2" ind2=" "><subfield code="a">Electrical &amp; electronics abstracts</subfield><subfield code="x">0036-8105</subfield><subfield code="b">winter 1978-</subfield></datafield><datafield tag="510" ind1="2" ind2=" "><subfield code="a">Physics abstracts</subfield><subfield code="x">0036-8091</subfield><subfield code="b">winter 1978-</subfield></datafield><datafield tag="515" ind1=" " ind2=" "><subfield code="a">Special issue for 1979 called also v. 19, no. 5.</subfield></datafield><datafield tag="525" ind1=" " ind2=" "><subfield code="a">Special issue 1979 contains proceedings of the Section's annual meeting.</subfield></datafield><datafield tag="550" ind1=" " ind2=" "><subfield code="a">Vols. for spring 1985-winter 1986 issued by: American Bar Association Section of Science and Technology and the Arizona State University College of Law; spring 1986-&lt;fall 1987> by the American Bar Association Section of Science and Technology, and the Center for the Study of Law, Science, and Technology of the Arizona State University College of Law.</subfield></datafield><datafield tag="650" ind1=" " ind2="0"><subfield code="a">Science and law</subfield><subfield code="z">United States</subfield><subfield code="x">Periodicals.</subfield></datafield><datafield tag="650" ind1=" " ind2="0"><subfield code="a">Technology and law</subfield><subfield code="z">United States</subfield><subfield code="x">Periodicals.</subfield></datafield><datafield tag="650" ind1=" " ind2="0"><subfield code="a">Judicial process</subfield><subfield code="z">United States</subfield><subfield code="x">Periodicals.</subfield></datafield><datafield tag="650" ind1=" " ind2="0"><subfield code="a">Legal research</subfield><subfield code="x">Data processing</subfield><subfield code="z">United States</subfield><subfield code="x">Periodicals.</subfield></datafield><datafield tag="650" ind1=" " ind2="0"><subfield code="a">Information storage and retrieval systems</subfield><subfield code="x">Law</subfield><subfield code="z">United States</subfield><subfield code="x">Periodicals.</subfield></datafield><datafield tag="710" ind1="2" ind2=" "><subfield code="a">American Bar Association.</subfield><subfield code="b">Section of Science and Technology.</subfield></datafield><datafield tag="710" ind1="2" ind2=" "><subfield code="a">Arizona State University.</subfield><subfield code="b">College of Law.</subfield></datafield><datafield tag="710" ind1="2" ind2=" "><subfield code="a">Arizona State University.</subfield><subfield code="b">Center for the Study of Law, Science, and Technology.</subfield></datafield><datafield tag="780" ind1="0" ind2="0"><subfield code="t">Jurimetrics journal</subfield><subfield code="x">0022-6793</subfield><subfield code="w">(DLC)   92657369</subfield><subfield code="w">(OCoLC)1754902</subfield></datafield><datafield tag="852" ind1=" " ind2=" "><subfield code="a">NNHHR</subfield><subfield code="b">MAIN</subfield><subfield code="j">\PER</subfield><subfield code="t">1</subfield><subfield code="x">OID=CCS</subfield></datafield><datafield tag="994" ind1=" " ind2=" "><subfield code="a">C0</subfield><subfield code="b">OCL</subfield></datafield></record>