<record format="MARC21" type="Bibliographic"><leader>01347cam  2200373 i 4500</leader><controlfield tag="001">ocn135450843</controlfield><controlfield tag="003">OCoLC</controlfield><controlfield tag="005">20070605101501.0</controlfield><controlfield tag="008">850910s1976    caua     bc   001 0 eng d</controlfield><datafield tag="010" ind1=" " ind2=" "><subfield code="a">   76013691 </subfield></datafield><datafield tag="040" ind1=" " ind2=" "><subfield code="a">UBY</subfield><subfield code="c">UBY</subfield></datafield><datafield tag="020" ind1=" " ind2=" "><subfield code="a">0875870708 :</subfield><subfield code="c">$5.00</subfield></datafield><datafield tag="020" ind1=" " ind2=" "><subfield code="a">9780875870700</subfield></datafield><datafield tag="035" ind1=" " ind2=" "><subfield code="a">(OCoLC)135450843</subfield></datafield><datafield tag="035" ind1=" " ind2=" "><subfield code="a">(UPB)notisADN0346</subfield></datafield><datafield tag="035" ind1=" " ind2=" "><subfield code="a">(CStRLIN)UTBG85-B43642</subfield></datafield><datafield tag="043" ind1=" " ind2=" "><subfield code="a">n-us---</subfield></datafield><datafield tag="050" ind1="0" ind2=" "><subfield code="a">N6538.N5</subfield><subfield code="b">D74</subfield></datafield><datafield tag="079" ind1=" " ind2=" "><subfield code="a">ocm02318292</subfield><subfield code="z">ocm02550323</subfield><subfield code="z">ocm03890870</subfield></datafield><datafield tag="082" ind1=" " ind2=" "><subfield code="a">709/.73</subfield></datafield><datafield tag="090" ind1=" " ind2=" "><subfield code="a">N6538</subfield><subfield code="b">.N5\D74</subfield></datafield><datafield tag="049" ind1=" " ind2=" "><subfield code="a">OCLC</subfield></datafield><datafield tag="100" ind1="1" ind2=" "><subfield code="a">Driskell, David C.</subfield></datafield><datafield tag="245" ind1="1" ind2="0"><subfield code="a">Two centuries of Black American art :</subfield><subfield code="b">[exhibition], Los Angeles County Museum of Art, the High Museum of Art, Atlanta, Museum of Fine Arts, Dallas, the Brooklyn Museum /</subfield><subfield code="c">David C. Driskell ; with catalog notes by Leonard Simon.</subfield></datafield><datafield tag="250" ind1=" " ind2=" "><subfield code="a">1st ed.</subfield></datafield><datafield tag="260" ind1=" " ind2=" "><subfield code="a">[Los Angeles] :</subfield><subfield code="b">Los Angeles County Museum of Art ;</subfield><subfield code="a">New York :</subfield><subfield code="b">Knopf :</subfield><subfield code="b">distributed by Random House,</subfield><subfield code="c">1976.</subfield></datafield><datafield tag="300" ind1=" " ind2=" "><subfield code="a">221 p. :</subfield><subfield code="b">ill. (some col.) ;</subfield><subfield code="c">28 cm.</subfield></datafield><datafield tag="504" ind1=" " ind2=" "><subfield code="a">Bibliography: p. 206-219.</subfield></datafield><datafield tag="500" ind1=" " ind2=" "><subfield code="a">Includes index.</subfield></datafield><datafield tag="650" ind1=" " ind2="0"><subfield code="a">Afro-American art</subfield><subfield code="x">Exhibitions.</subfield></datafield><datafield tag="700" ind1="1" ind2=" "><subfield code="a">Simon, Leonard,</subfield><subfield code="d">1936-</subfield></datafield><datafield tag="710" ind1="2" ind2=" "><subfield code="a">Los Angeles County Museum of Art.</subfield></datafield><datafield tag="852" ind1=" " ind2=" "><subfield code="a">UPB</subfield><subfield code="b">MAN</subfield><subfield code="h">N6538</subfield><subfield code="i">.N5\D74</subfield><subfield code="x">c.1 001</subfield><subfield code="x">c.2 002</subfield><subfield code="x">OID=SYL</subfield></datafield><datafield tag="994" ind1=" " ind2=" "><subfield code="a">C0</subfield><subfield code="b">OCL</subfield></datafield></record>