<record format="MARC21" type="Bibliographic"><leader>01215cam  2200313 a 4500</leader><controlfield tag="001">ocn137458539</controlfield><controlfield tag="003">OCoLC</controlfield><controlfield tag="005">20070605101501.0</controlfield><controlfield tag="008">900119s1974    maua          100 0 eng d</controlfield><datafield tag="010" ind1=" " ind2=" "><subfield code="a">   74081739 </subfield></datafield><datafield tag="040" ind1=" " ind2=" "><subfield code="a">MSR</subfield><subfield code="c">MSR</subfield></datafield><datafield tag="035" ind1=" " ind2=" "><subfield code="a">(OCoLC)137458539</subfield></datafield><datafield tag="035" ind1=" " ind2=" "><subfield code="a">(CStRLIN)MOSA90-B178</subfield></datafield><datafield tag="050" ind1=" " ind2=" "><subfield code="a">F61</subfield><subfield code="b">.C71 vol. 48</subfield><subfield code="a">NK2438.B6</subfield></datafield><datafield tag="079" ind1=" " ind2=" "><subfield code="a">ocm01364905</subfield><subfield code="z">ocm06844451</subfield></datafield><datafield tag="090" ind1=" " ind2=" "><subfield code="a">NK2438.B6</subfield><subfield code="b">B68 1974</subfield></datafield><datafield tag="049" ind1=" " ind2=" "><subfield code="a">OCLC</subfield></datafield><datafield tag="245" ind1="0" ind2="0"><subfield code="a">Boston furniture of the eighteenth century :</subfield><subfield code="b">a conference held by the Colonial Society of Massachusetts, 11 and 12 May 1972.</subfield></datafield><datafield tag="260" ind1=" " ind2=" "><subfield code="a">Boston :</subfield><subfield code="b">Colonial Society of Massachusetts ;</subfield><subfield code="a">[Charlottesville] :</subfield><subfield code="b">distributed by the University Press of Virginia,</subfield><subfield code="c">c1974.</subfield></datafield><datafield tag="300" ind1=" " ind2=" "><subfield code="a">xvi, 316 p. :</subfield><subfield code="b">ill. ;</subfield><subfield code="c">25 cm.</subfield></datafield><datafield tag="440" ind1=" " ind2="0"><subfield code="a">Publications of the Colonial Society of Massachusetts ;</subfield><subfield code="v">v. 48</subfield></datafield><datafield tag="500" ind1=" " ind2=" "><subfield code="a">Bibliography: p. 303-305.</subfield></datafield><datafield tag="500" ind1=" " ind2=" "><subfield code="a">Includes index.</subfield></datafield><datafield tag="650" ind1=" " ind2="0"><subfield code="a">Furniture, Colonial</subfield><subfield code="z">Massachusetts</subfield><subfield code="z">Boston</subfield><subfield code="x">Congresses.</subfield></datafield><datafield tag="650" ind1=" " ind2="0"><subfield code="a">Furniture, Early American</subfield><subfield code="z">Massachusetts</subfield><subfield code="z">Boston</subfield><subfield code="x">Congresses.</subfield></datafield><datafield tag="710" ind1="2" ind2=" "><subfield code="a">Colonial Society of Massachusetts.</subfield></datafield><datafield tag="852" ind1=" " ind2=" "><subfield code="a">MoSR</subfield><subfield code="b">STK</subfield><subfield code="h">NK2438.B6</subfield><subfield code="i">B68 1974</subfield><subfield code="x">21260</subfield><subfield code="x">CIN=MLC; OID=MLC</subfield></datafield><datafield tag="901" ind1=" " ind2=" "><subfield code="a">R</subfield></datafield><datafield tag="994" ind1=" " ind2=" "><subfield code="a">C0</subfield><subfield code="b">OCL</subfield></datafield></record>