<record format="MARC21" type="Bibliographic"><leader>01731cam  2200457 a 4500</leader><controlfield tag="001">ocn124411460</controlfield><controlfield tag="003">OCoLC</controlfield><controlfield tag="005">20070605101501.0</controlfield><controlfield tag="008">070222s2007    is a     b    001 0ceng d</controlfield><datafield tag="040" ind1=" " ind2=" "><subfield code="a">NNYI</subfield><subfield code="c">VXJ</subfield></datafield><datafield tag="066" ind1=" " ind2=" "><subfield code="c">(2</subfield></datafield><datafield tag="020" ind1=" " ind2=" "><subfield code="a">9652293865</subfield></datafield><datafield tag="020" ind1=" " ind2=" "><subfield code="a">9789652293862</subfield></datafield><datafield tag="035" ind1=" " ind2=" "><subfield code="a">(OCoLC)124411460</subfield></datafield><datafield tag="035" ind1=" " ind2=" "><subfield code="a">(CStRLIN)NYJH07-B409</subfield></datafield><datafield tag="041" ind1="1" ind2=" "><subfield code="a">eng</subfield><subfield code="h">heb</subfield></datafield><datafield tag="043" ind1=" " ind2=" "><subfield code="a">e-hu---</subfield><subfield code="a">a-is---</subfield></datafield><datafield tag="050" ind1="0" ind2="0"><subfield code="a">DS135.H93</subfield><subfield code="b">A147313 2007</subfield></datafield><datafield tag="079" ind1=" " ind2=" "><subfield code="a">ocm85564516</subfield></datafield><datafield tag="090" ind1=" " ind2=" "><subfield code="a">DS135.H93</subfield><subfield code="b">A14513 2007</subfield></datafield><datafield tag="049" ind1=" " ind2=" "><subfield code="a">OCLC</subfield></datafield><datafield tag="100" ind1="1" ind2=" "><subfield code="a">Gur, David,</subfield><subfield code="d">1926-</subfield></datafield><datafield tag="240" ind1="1" ind2="0"><subfield code="6">880-01</subfield><subfield code="a">Aḥim le-hitnagdut ule-hatsalah.</subfield><subfield code="l">English</subfield></datafield><datafield tag="245" ind1="1" ind2="0"><subfield code="a">Brothers for resistance and rescue :</subfield><subfield code="b">the underground Zionist youth movement in Hungary during World War II /</subfield><subfield code="c">David Gur ; edited by Eli Netzer ; translated by Pamela Segev &amp; Avri Fischer.</subfield></datafield><datafield tag="250" ind1=" " ind2=" "><subfield code="a">Enlarged and revised ed.</subfield></datafield><datafield tag="260" ind1=" " ind2=" "><subfield code="a">Jerusalem :</subfield><subfield code="b">Gefen,</subfield><subfield code="c">2007.</subfield></datafield><datafield tag="300" ind1=" " ind2=" "><subfield code="a">270 p. :</subfield><subfield code="b">ill. ;</subfield><subfield code="c">28 p.</subfield></datafield><datafield tag="500" ind1=" " ind2=" "><subfield code="a">Introduction by Randolph L. Brahan.</subfield></datafield><datafield tag="504" ind1=" " ind2=" "><subfield code="a">Includes bibliographical references (p. 261-264) and index.</subfield></datafield><datafield tag="650" ind1=" " ind2="0"><subfield code="a">Jews</subfield><subfield code="z">Hungary</subfield><subfield code="v">Biography.</subfield></datafield><datafield tag="650" ind1=" " ind2="0"><subfield code="a">Jewish youth</subfield><subfield code="z">Hungary</subfield><subfield code="v">Biography.</subfield></datafield><datafield tag="650" ind1=" " ind2="0"><subfield code="a">Zionism</subfield><subfield code="z">Hungary</subfield><subfield code="x">History</subfield><subfield code="y">20th century.</subfield></datafield><datafield tag="650" ind1=" " ind2="0"><subfield code="a">World War, 1939-1945</subfield><subfield code="x">Jewish resistance</subfield><subfield code="z">Hungary.</subfield></datafield><datafield tag="650" ind1=" " ind2="0"><subfield code="a">Jews, Hungarian</subfield><subfield code="z">Israel</subfield><subfield code="v">Biography.</subfield></datafield><datafield tag="650" ind1=" " ind2="0"><subfield code="a">Holocaust survivors</subfield><subfield code="z">Israel</subfield><subfield code="v">Biography.</subfield></datafield><datafield tag="700" ind1="1" ind2=" "><subfield code="a">Netser, Eli.</subfield></datafield><datafield tag="700" ind1="1" ind2=" "><subfield code="a">Segev, Pamela.</subfield></datafield><datafield tag="700" ind1="1" ind2=" "><subfield code="a">Fischer, Avri.</subfield></datafield><datafield tag="852" ind1="0" ind2="1"><subfield code="a">Library of the Jewish Theological Seminary</subfield><subfield code="b">JT1</subfield><subfield code="c">MAIN</subfield><subfield code="k">OVERSIZE</subfield><subfield code="h">DS135.H93</subfield><subfield code="i">A14513 2007</subfield><subfield code="p">31407002756237</subfield><subfield code="x">CIN=RL; OID=RL</subfield></datafield><datafield tag="880" ind1="1" ind2="0"><subfield code="6">240-01/(2/r</subfield><subfield code="a">&amp;#x200F;אחים להתנגדות ולהצלה.&amp;#x200F;</subfield><subfield code="l">&amp;#x200F;English</subfield></datafield><datafield tag="994" ind1=" " ind2=" "><subfield code="a">C0</subfield><subfield code="b">OCL</subfield></datafield></record>