<record format="MARC21" type="Bibliographic"><leader>02310cjm  2200349 a 4500</leader><controlfield tag="001">ocn131225106</controlfield><controlfield tag="003">OCoLC</controlfield><controlfield tag="005">20070605101501.0</controlfield><controlfield tag="007">sd |||gnammned</controlfield><controlfield tag="008">051219p2004    sa mun g       l    mul d</controlfield><datafield tag="040" ind1=" " ind2=" "><subfield code="a">CtY</subfield><subfield code="c">YUS</subfield></datafield><datafield tag="028" ind1="0" ind2="0"><subfield code="a">ACM-CD023/3</subfield><subfield code="b">African Cream Music</subfield></datafield><datafield tag="035" ind1=" " ind2=" "><subfield code="a">(OCoLC)131225106</subfield></datafield><datafield tag="035" ind1=" " ind2=" "><subfield code="a">(CtY)7143913</subfield></datafield><datafield tag="035" ind1=" " ind2=" "><subfield code="a">(CStRLIN)CTYA7143913-R</subfield></datafield><datafield tag="041" ind1="0" ind2=" "><subfield code="a">eng</subfield><subfield code="a">xho</subfield></datafield><datafield tag="043" ind1=" " ind2=" "><subfield code="a">f-sa---</subfield></datafield><datafield tag="050" ind1=" " ind2="4"><subfield code="a">ML3760</subfield><subfield code="b">.W55 2004</subfield></datafield><datafield tag="079" ind1=" " ind2=" "><subfield code="a">ocm64169861</subfield></datafield><datafield tag="090" ind1=" " ind2=" "><subfield code="a">ML3760</subfield><subfield code="b">.W55 2004 (LC)</subfield></datafield><datafield tag="049" ind1=" " ind2=" "><subfield code="a">OCLC</subfield></datafield><datafield tag="245" ind1="0" ind2="4"><subfield code="a">The winds of change</subfield><subfield code="h">[sound recording] :</subfield><subfield code="b">[a journey through the key music and moments that gave birth to a free, democratic South Africa].</subfield></datafield><datafield tag="260" ind1=" " ind2=" "><subfield code="a">[South Africa?] :</subfield><subfield code="b">African Cream Music,</subfield><subfield code="c">2004.</subfield></datafield><datafield tag="300" ind1=" " ind2=" "><subfield code="a">2  sound discs :</subfield><subfield code="b">digital ;</subfield><subfield code="c">4 3/4 in. +</subfield><subfield code="e">1 booklet</subfield></datafield><datafield tag="500" ind1=" " ind2=" "><subfield code="a">Compact discs.</subfield></datafield><datafield tag="500" ind1=" " ind2=" "><subfield code="a">Subtitle from booklet.</subfield></datafield><datafield tag="511" ind1=" " ind2=" "><subfield code="a">Various artists.</subfield></datafield><datafield tag="505" ind1="0" ind2=" "><subfield code="a">CD. 1. Nkosi sikelel' iAfrika (Tumelo Maloi) -- Winds of change (Harold Macmillan) -- Zono zam (Dorothy Masuka) -- Nobel Prize Award (Chief Albert Luthuli) -- Zandile (Jazz Ministers) -- Rivonia trial speech (Nelson Mandela) -- Woza ANC (Freedom Choir, ACFC) -- Ag pleez deddy (Jeremy Taylor) -- Kalamazoo (Pops Mohamed) -- Fight to the end (JB Vorster) -- Joyin umkhonto wesizwe (ACFC) -- Burnout (Sipho "Hotstix" Mabuse) -- Total onslaught (PW Botha) -- State of emergency (Amampondo) -- Paradise road (Joy) -- AWB speech (Eugene Terreblanche) -- Slovo no tambo (ACFC) -- Bayeza (Soul Brothers) -- Tsoha/vuka (ACFC) -- Asimbonanga (Jonny Clegg) -- CD. 2. Whispers in the deep (Stimela) -- Thula Sizwe (ACFC) -- Halala Afrika (Johannes Kerkorrel) -- Papa stop the war (Chicco) -- Unbanning speech (FW De Klerk) -- Shosholoza (ACFCA) -- Bring him back home (Hugh Masekela) -- Inauguration speech (Nelson Mandela) -- Man of the world (Yvonne Chaka Chaka) -- Neva again (Prophets of Da City) -- Waar was jy (Skeem) -- I am an African (Thabo Mbeki) -- Power of Africa (Yvonne Chaka Chaka) -- Yehlisan umoya ma-Afrika (Busi Mhlongo) -- Sabela (Sibongile Khumalo) -- Inauguration speech (Nelson Mandela) -- Nkosi sikelel' iAfrika (ACFC).</subfield></datafield><datafield tag="650" ind1=" " ind2="0"><subfield code="a">Music</subfield><subfield code="z">African.</subfield></datafield><datafield tag="650" ind1=" " ind2="0"><subfield code="a">Speeches, addresses, etc.</subfield></datafield><datafield tag="852" ind1="0" ind2="1"><subfield code="a">CtY</subfield><subfield code="b">sml</subfield><subfield code="h">ML3760</subfield><subfield code="i">.W55 2004 (LC)</subfield></datafield><datafield tag="994" ind1=" " ind2=" "><subfield code="a">C0</subfield><subfield code="b">OCL</subfield></datafield></record>