<record format="MARC21" type="Bibliographic"><leader>01613cam  2200409 a 4500</leader><controlfield tag="001">ocn124450154</controlfield><controlfield tag="003">OCoLC</controlfield><controlfield tag="005">20070605103524.0</controlfield><controlfield tag="008">970411s1947    nyu           001 0 rus d</controlfield><datafield tag="040" ind1=" " ind2=" "><subfield code="a">NNC</subfield><subfield code="c">VXJ</subfield></datafield><datafield tag="066" ind1=" " ind2=" "><subfield code="c">(N</subfield></datafield><datafield tag="035" ind1=" " ind2=" "><subfield code="a">(OCoLC)124450154</subfield></datafield><datafield tag="035" ind1=" " ind2=" "><subfield code="a">(CStRLIN)NYJH97-B3375</subfield></datafield><datafield tag="041" ind1="1" ind2=" "><subfield code="a">rus</subfield><subfield code="h">yid</subfield></datafield><datafield tag="043" ind1=" " ind2=" "><subfield code="a">n-us---</subfield></datafield><datafield tag="079" ind1=" " ind2=" "><subfield code="a">ocm42037006</subfield></datafield><datafield tag="090" ind1=" " ind2=" "><subfield code="a">PJ5192.R8</subfield><subfield code="b">F4</subfield></datafield><datafield tag="049" ind1=" " ind2=" "><subfield code="a">OCLC</subfield></datafield><datafield tag="245" ind1="0" ind2="0"><subfield code="6">880-01</subfield><subfield code="a">Evreĭskai͡a poėzii͡a :</subfield><subfield code="b">antologii͡a /</subfield><subfield code="c">Leonid Grebnev (L. Faĭnberg).</subfield></datafield><datafield tag="246" ind1="1" ind2="5"><subfield code="a">Yiddish poetry</subfield></datafield><datafield tag="260" ind1=" " ind2=" "><subfield code="6">880-02</subfield><subfield code="a">Nʹi͡u-Ĭork :</subfield><subfield code="b">Izd. Soi͡uza russkikh evreev v Nʹi͡u-Iorke,</subfield><subfield code="c">1947.</subfield></datafield><datafield tag="300" ind1=" " ind2=" "><subfield code="a">240 p. ;</subfield><subfield code="c">23 cm.</subfield></datafield><datafield tag="500" ind1=" " ind2=" "><subfield code="a">No more published?</subfield></datafield><datafield tag="505" ind1="0" ind2=" "><subfield code="a">Tom 1. Amerika.</subfield></datafield><datafield tag="500" ind1=" " ind2=" "><subfield code="a">Includes index.</subfield></datafield><datafield tag="590" ind1=" " ind2=" "><subfield code="a">Author's autograph presentation copy to Moses Shifris.</subfield></datafield><datafield tag="650" ind1=" " ind2="0"><subfield code="a">Yiddish poetry</subfield><subfield code="z">United States.</subfield></datafield><datafield tag="650" ind1=" " ind2="0"><subfield code="a">Yiddish poetry</subfield><subfield code="x">Translations into Russian</subfield><subfield code="x">Collections.</subfield></datafield><datafield tag="650" ind1=" " ind2="0"><subfield code="a">Russian poetry</subfield><subfield code="x">Translations from Yiddish</subfield><subfield code="x">Collections.</subfield></datafield><datafield tag="600" ind1="1" ind2="4"><subfield code="6">880-03</subfield><subfield code="a">Feinberg, Leon,</subfield><subfield code="d">1897-1969</subfield><subfield code="x">Presentation inscription to Moses Shifris.</subfield></datafield><datafield tag="700" ind1="1" ind2=" "><subfield code="6">880-04</subfield><subfield code="a">Feinberg, Leon,</subfield><subfield code="d">1897-1969.</subfield></datafield><datafield tag="852" ind1=" " ind2=" "><subfield code="a">NNJ</subfield><subfield code="b">PUBL</subfield><subfield code="h">PJ5192.R8</subfield><subfield code="i">F4</subfield><subfield code="t">1</subfield><subfield code="x">CIN=AMW; OID=UTC</subfield></datafield><datafield tag="880" ind1="0" ind2="0"><subfield code="6">245-01/(N</subfield><subfield code="a">Еврейская поэзия :</subfield><subfield code="b">антология /</subfield><subfield code="c">Леонид Гребнев [Л. Файнберг].</subfield></datafield><datafield tag="880" ind1=" " ind2=" "><subfield code="6">260-02/(N</subfield><subfield code="a">Нью-Йорк :</subfield><subfield code="b">Изд. Союза русских евреев в Нью-Йорке,</subfield><subfield code="c">1947.</subfield></datafield><datafield tag="880" ind1="1" ind2="4"><subfield code="6">600-03/(N</subfield><subfield code="a">Файнберг, Леон,</subfield><subfield code="d">1897-1969.</subfield></datafield><datafield tag="880" ind1="1" ind2=" "><subfield code="6">700-04/(N</subfield><subfield code="a">Файнберг, Леон,</subfield><subfield code="d">1897-1969.</subfield></datafield><datafield tag="994" ind1=" " ind2=" "><subfield code="a">C0</subfield><subfield code="b">OCL</subfield></datafield></record></collection>